%%%%%%%%%%%%%%%%%%%%%%% Comments %%%%%%%%%%%%%%%%%%%%%%%%
%% BibTeX can accept names in "forename surname" or "surname, forename".
%% to tell BibTeX when a reference has more than one author by putting the keyword "and" in between every author.
%%%%%%%%%%%%%%%%%%%%%%% Bibliography %%%%%%%%%%%%%%%%%%%%%%%
%% Article
@article{suzuki2008study,
  title={Study on numerical optimization of cross-sectional panhead shape for high-speed train},
  author={Suzuki, Masahiro and Ikeda, Mitsuru and Yoshida, Kazushige},
  journal={Journal of Mechanical Systems for Transportation and Logistics},
  volume={1},
  pages={100--110},
  year={2008}
}
@article{sueki2010application,
  title={Application of porous material to reduce aerodynamic sound from bluff bodies},
  author={Sueki, Takeshi and Takaishi, Takehisa and Ikeda, Mitsuru and Arai, Norio},
  journal={Fluid dynamics research},
  volume={42},
  number={1},
  pages={015004},
  year={2010},
  publisher={IOP Publishing}
}
@article{talotte2000aerodynamic,
  title={Aerodynamic noise: a critical survey},
  author={Talotte, C},
  journal={Journal of Sound and Vibration},
  volume={231},
  number={3},
  pages={549--562},
  year={2000},
  publisher={Elsevier}
}
@article{thompson2000review,
  title={A review of the modelling of wheel/rail noise generation},
  author={Thompson, DJ and Jones, CJC},
  journal={Journal of sound and vibration},
  volume={231},
  number={3},
  pages={519--536},
  year={2000},
  publisher={Elsevier}
}
@inproceedings{arnulfstrabeexperimentation,
  title={EXPERIMENTATION OF THE ERTMS SYSTEM ON THE ITALIAN, GERMAN AND FRENCH RAILWAYS DANIEL LANCIEN 45, RUE DE LONDRES 75379 PARIS CEDEX 08},
  author={ARNULFSTRABE, FLORIAN KOLLMANNSBERGER and FREUD, PAOLO RIPAMONTI P ZZA S},
  booktitle={Applications of Advanced Technologies in Transportation Engineering: Proceedings of the... International Conference},
  pages={30},
  year={2008},
  organization={The Society}
}
@article{mellet2006high,
  title={High speed train noise emission: Latest investigation of the aerodynamic/rolling noise contribution},
  author={Mellet, C and L{\'e}tourneaux, F and Poisson, F and Talotte, C},
  journal={Journal of sound and vibration},
  volume={293},
  number={3},
  pages={535--546},
  year={2006},
  publisher={Elsevier}
}
@article{noger2000aeroacoustical,
  title={Aeroacoustical study of the TGV pantograph recess},
  author={Noger, C and Patrat, JC and Peube, J and Peube, JL},
  journal={Journal of sound and vibration},
  volume={231},
  number={3},
  pages={563--575},
  year={2000},
  publisher={Elsevier}
}
@incollection{ikeda2012aerodynamic,
  title={Aerodynamic noise reduction of a pantograph by shape-smoothing of panhead and its support and by the surface covering with porous material},
  author={Ikeda, M and Mitsumoji, T and Sueki, T and Takaishi, T},
  booktitle={Noise and Vibration Mitigation for Rail Transportation Systems},
  pages={419--426},
  year={2012},
  publisher={Springer}
}
@inproceedings{takaishi2003effects,
  title={Effects of periodic holes on the suppression of aeroacoustic noise from a pantograph horn},
  author={Takaishi, Takehisa and Ikeda, Mitsuru and Kato, Chisachi},
  booktitle={ASME/JSME 2003 4th Joint Fluids Summer Engineering Conference},
  pages={41--48},
  year={2003},
  organization={American Society of Mechanical Engineers}
}
@article{gw2012aerodynamic,
  title={Aerodynamic design on China new high-speed trains},
  author={GW, Yang and others},
  journal={Proceedings of the 1st International Workshop on High-Speed and Intercity Railways},
  year={2012},
  publisher={Springer Verlag}
}
@inproceedings{kawahara1997source,
  title={Source identification and prediction of Shinkansen noise by sound intensity},
  author={Kawahara, Mizumasa and Hotta, Hidetoshi and Hiroe, Masaaki and Kaku, Jiro},
  booktitle={INTER-NOISE and NOISE-CON Congress and Conference Proceedings},
  volume={1997},
  number={5},
  pages={651--654},
  year={1997},
  organization={Institute of Noise Control Engineering}
}
@article{raghunathan2002aerodynamics,
  title={Aerodynamics of high-speed railway train},
  author={Raghunathan, Raghu S and Kim, H-D and Setoguchi, T},
  journal={Progress in Aerospace sciences},
  volume={38},
  number={6},
  pages={469--514},
  year={2002},
  publisher={Elsevier}
}
@inproceedings{uneo2008tech,
  title={Technological overview of the next generation Shinkansen high-speed train Series N700},
  author={Ueno, M and Usui, S and Tanaka, H and Watanabe, A},
  booktitle={8th World Congress on Railway Research},
  year={2008},
}
@article{ido1993wind,
  title={Wind tunnel tests for nose and tail of train},
  author={Ido, A and Iida, M and Maeda, T},
  journal={RTRI JNR},
  volume={7},
  number={7},
  year={1993}
}
@article{maeda1989aerodynamic,
  title={Aerodynamic drag of Shinkansen electric cars (series 0, series 200, series 100)},
  author={Maeda, Tatsuo and Kinoshita, M and Kajiyama, H and Tanemoto, K},
  journal={Railway Technical Research Institute, Quarterly Reports},
  volume={30},
  number={1},
  year={1989}
}
@article{lighthill1952sound,
  title={On sound generated aerodynamically. I. General theory},
  author={Lighthill, Michael J},
  journal={Proceedings of the Royal Society of London. Series A. Mathematical and Physical Sciences},
  volume={211},
  number={1107},
  pages={564--587},
  year={1952},
  publisher={The Royal Society}
}
@article{lighthill1954sound,
  title={On sound generated aerodynamically. II. Turbulence as a source of sound},
  author={Lighthill, Michael James},
  journal={Proceedings of the Royal Society of London. Series A. Mathematical and Physical Sciences},
  volume={222},
  number={1148},
  pages={1--32},
  year={1954},
  publisher={The Royal Society}
}
@article{curle1955influence,
  title={The influence of solid boundaries upon aerodynamic sound},
  author={Curle, N},
  journal={Proceedings of the Royal Society of London. Series A. Mathematical and Physical Sciences},
  volume={231},
  number={1187},
  pages={505--514},
  year={1955},
  publisher={The Royal Society}
}
@article{williams1969sound,
  title={Sound generation by turbulence and surfaces in arbitrary motion},
  author={Williams, JE Ffowcs and Hawkings, David L},
  journal={Philosophical Transactions of the Royal Society of London. Series A, Mathematical and Physical Sciences},
  volume={264},
  number={1151},
  pages={321--342},
  year={1969},
  publisher={The Royal Society}
}
@article{kitagawa2000aerodynamic,
  title={Aerodynamic noise generated by Shinkansen cars},
  author={Kitagawa, Toshiki and Nagakura, Kiyoshi},
  journal={Journal of Sound and vibration},
  volume={231},
  number={3},
  pages={913--924},
  year={2000},
  publisher={Elsevier}
}
@article{moritoh1996noise,
  title={Noise control of high speed Shinkansen},
  author={Moritoh, Y and Zenda, Y and Nagakura, K},
  journal={Journal of Sound and Vibration},
  volume={193},
  number={1},
  pages={319--334},
  year={1996},
  publisher={Elsevier}
}
@article{peters1983aerodynamics,
  title={Aerodynamics of very high speed trains and maglev vehicles: State of the art and future potential},
  author={Peters, JL},
  journal={Int. J. of Vehicle Design, Special Publication Sp3},
  year={1983}
}
@article{werl1963simulation,
  title={Simulation de L'Effet de Sol au Tunnel Hydrodynamique (Ground-Effect Simulation at the Water-Tunnel)},
  author={Werl, Henri},
  journal={La Rech. Akrospatiale},
  volume={1},
  number={95},
  pages={7--15},
  year={1963}
}
@article{SHAN2009newaccelerating,
  title={A New Accelerating Method of Moving Model Experimental System for High-Speed Train},
  author={SHAN Xi-zhuang and CHEN Wei and others},
  journal={Journal of Dalian Jiaotong University},
  volume={30},
  number={4},
  year={2009}
}
@article{king1996precis,
  title={A precis of developments in the aeroacoustics of fast trains},
  author={King III, WF},
  journal={Journal of sound and vibration},
  volume={193},
  number={1},
  pages={349--358},
  year={1996},
  publisher={Elsevier}
}
@article{torii2000development,
  title={Development of the series 700 Shinkansen train-set (Improvement of noise level)},
  author={Torii, Akihiko and ITO, JUNICHI},
  journal={Japanese railway engineering},
  volume={40},
  number={1},
  year={2000},
  publisher={Japan Railway Engineers' Association}
}
@book{thompson2008railway,
  title={Railway noise and vibration: mechanisms, modelling and means of control},
  author={Thompson, David and others},
  year={2008},
  publisher={Elsevier}
}
@book{fahy2003fundamentals,
  title={Fundamentals of noise and vibration},
  author={Fahy, Frank and Walker, John},
  year={2003},
  publisher={CRC Press}
}
@article{talotte2003identification,
  title={Identification, modelling and reduction potential of railway noise sources: a critical survey},
  author={Talotte, C and Gautier, P-E and Thompson, DJ and Hanson, C},
  journal={Journal of Sound and Vibration},
  volume={267},
  number={3},
  pages={447--468},
  year={2003},
  publisher={Elsevier}
}
@article{paradot2002resistance,
  title={La r{\'e}sistance {\`a} l'avancement d'un train {\`a} grande vitesse},
  author={PARADOT, Nicolas and TALOTTE, Corinne and WILLAIME, Alain and ALLAIN, Eliane},
  journal={Revue g{\'e}n{\'e}rale des chemins de fer},
  volume={1},
  number={DEC},
  pages={5--12},
  year={2002},
  publisher={HC Editions}
}
@article{hardin1995sound,
  title={Sound generation by flow over a two-dimensional cavity},
  author={Hardin, Jay C and Pope, D Stuart},
  journal={AIAA journal},
  volume={33},
  number={3},
  pages={407--412},
  year={1995}
}
@article{maeda2002micropressure,
  title={Micropressure waves radiating from a Shinkansen tunnel portal},
  author={Maeda, T},
  journal={Noise and Vibration from High Speed Trains},
  year={2002}
}
@article{hemida2008study,
  title={LES study of the influence of a train-nose shape on the flow structures under cross-wind conditions},
  author={Hemida, Hassan and Krajnovi{\'c}, Sini{\v{s}}a},
  journal={Journal of Fluids Engineering},
  volume={130},
  number={9},
  pages={091101},
  year={2008},
  publisher={American Society of Mechanical Engineers}
}
@article{sassa2001numerical,
  title={Numerical analysis of aerodynamic noise radiation from a high-speed train surface},
  author={Sassa, T and Sato, T and Yatsui, S},
  journal={Journal of Sound and Vibration},
  volume={247},
  number={3},
  pages={407--416},
  year={2001},
  publisher={Elsevier}
}
@article{lee2008prediction,
  title={Prediction of low-speed aerodynamic load and aeroacoustic noise around simplified panhead section model},
  author={Lee, J and Cho, W},
  journal={Proceedings of the Institution of Mechanical Engineers, Part F: Journal of Rail and Rapid Transit},
  volume={222},
  number={4},
  pages={423--431},
  year={2008},
  publisher={SAGE Publications}
}
@article{takaishi2010numerical,
  title={Numerical analysis of aerodynamic noise emitted from a pantograph based on non-compact green's function},
  author={Takaishi, Takehisa and Sagawa, Akio and Kato, Chisachi},
  journal={Journal of Environment and Engineering},
  volume={5},
  number={1},
  pages={84--96},
  year={2010},
}
@incollection{masson2012numerical,
  title={The numerical prediction of the aerodynamic noise of the TGV POS high-speed train power car},
  author={Masson, E and Paradot, N and Allain, E},
  booktitle={Noise and Vibration Mitigation for Rail Transportation Systems},
  pages={437--444},
  year={2012},
  publisher={Springer}
}
@article{SUN2010Computation,
  title={Computational study on aerodynamic sound from high-speed trains},
  author={Zhen-xu, SUN and Yi-wei, WANG and Yi-ran, An},
  journal={Chinese Journal of Hydrodynamics: A},
  volume={30},
  number={5},
  pages={660--668},
  year={2010}
}
@inproceedings{scott2004benchmark,
  title={Benchmark solutions for computational aeroacoustics (CAA) code validation},
  author={Scott, James R},
  booktitle={ASME 2004 International Mechanical Engineering Congress and Exposition},
  pages={101--115},
  year={2004},
  organization={American Society of Mechanical Engineers}
}
@inproceedings{park1999third,
  title={Third computational aeroacoustics (CAA) workshop on benchmark problems},
  author={Park, Brook},
  booktitle={Workshop on Benchmark Problems},
  volume={8},
  pages={10},
  year={1999}
}
@article{dahl2004fourth,
  title={Fourth computational aeroacoustics (CAA) workshop on benchmark problems},
  author={Dahl, Milo D},
  booktitle={Workshop on Benchmark Problems},
  volume={10},
  pages={20},
  year={2004}
}
@article{jenkins2005characterization,
  title={Characterization of unsteady flow structures around tandem cylinders for component interaction studies in airframe noise},
  author={Jenkins, Luther N and Khorrami, Mehdi R and Choudhari, Meelan M and McGinley, Catherine B},
  journal={AIAA paper},
  volume={2812},
  pages={2005},
  year={2005}
}
@article{jenkins2006measurements,
  title={Measurements of unsteady wake interference between tandem cylinders},
  author={Jenkins, Luther N and Neuhart, Dan H and McGinley, Catherine B and Choudhari, Meelan M and Khorrami, Mehdi R},
  journal={AIAA paper},
  volume={3202},
  pages={2006},
  year={2006}
}
@article{lockard2007tandem,
  title={Tandem cylinder noise predictions},
  author={Lockard, David P and Khorrami, Mehdi R and Choudhari, Meelan M and Hutcheson, Florence V and Brooks, Thomas F and Stead, Daniel J},
  journal={AIAA paper},
  volume={3450},
  pages={2007},
  year={2007}
}
@article{lockard2011summary,
  title={Summary of the tandem cylinder solutions from the benchmark problems for airframe noise computations-I workshop},
  author={Lockard, David P},
  journal={AIAA paper},
  volume={353},
  pages={2011},
  year={2011}
}
@article{guo2006experimental,
  title={Experimental study on aircraft landing gear noise},
  author={Guo, Yueping and Yamamoto, Kingo J and Stoker, Rob W},
  journal={Journal of Aircraft},
  volume={43},
  number={2},
  pages={306--317},
  year={2006}
}
@article{neuhart2009measurements,
  title={Measurements of the flowfield interaction between tandem cylinders},
  author={Neuhart, Dan H and Jenkins, Luther N and Choudhari, Meelan M and Khorrami, Mehdi R},
  journal={AIAA paper},
  volume={3275},
  pages={2009},
  year={2009}
}
@article{roe1992technical,
  title={Technical prospects for computational aeroacoustics},
  author={Roe, PL},
  journal={DGLR BERICHT},
  pages={206--206},
  year={1992},
  publisher={DGLR-DEUTSCHE GESELLSCHAFT FUR LUFT-UND}
}
@article{tam1995computational,
  title={Computational aeroacoustics-Issues and methods},
  author={Tam, Christopher KW},
  journal={AIAA journal},
  volume={33},
  number={10},
  pages={1788--1796},
  year={1995}
}
@article{kurbatskii2004review,
  title={Review of computational aeroacoustics algorithms},
  author={Kurbatskii, Konstantin A and Mankbadi, Reda R},
  journal={International Journal of Computational Fluid Dynamics},
  volume={18},
  number={6},
  pages={533--546},
  year={2004},
  publisher={Taylor \& Francis}
}
@article{goldstein1976aeroacoustics,
  title={Aeroacoustics},
  author={Goldstein, Marvin E},
  journal={New York, McGraw-Hill International Book Co., 1976. 305 p.},
  volume={1},
  year={1976}
}
@article{tam2004computational,
  title={Computational aeroacoustics: an overview of computational challenges and applications},
  author={Tam, Christopher KW},
  journal={International Journal of Computational Fluid Dynamics},
  volume={18},
  number={6},
  pages={547--567},
  year={2004},
  publisher={Taylor \& Francis}
}
@article{wang2006computational,
  title={Computational prediction of flow-generated sound},
  author={Wang, Meng and Freund, Jonathan B and Lele, Sanjiva K},
  journal={Annu. Rev. Fluid Mech.},
  volume={38},
  pages={483--512},
  year={2006},
  publisher={Annual Reviews}
}
@book{iwnicki2006handbook,
  title={Handbook of railway vehicle dynamics},
  author={Iwnicki, Simon},
  year={2006},
  publisher={CRC Press}
}
@inproceedings{crespi1994laser,
  title={LASER Doppler velocimetry measurements and boundary layer survey on-board the TGV high speed train},
  author={Crespi, P and Gregoire, R and Vinson, P},
  booktitle={Proceedings of the World Congress on Railway Research},
  year={1994}
}
@article{nagakura2006localization,
  title={Localization of aerodynamic noise sources of Shinkansen trains},
  author={Nagakura, K},
  journal={Journal of Sound and Vibration},
  volume={293},
  number={3},
  pages={547--556},
  year={2006},
  publisher={Elsevier}
}
@article{fremion2000aerodynamic,
  title={Aerodynamic noise radiated by the intercoach spacing and the bogie of a high-speed train},
  author={Fremion, N and Vincent, N and Jacob, M and Robert, G and Louisot, A and Guerrand, S},
  journal={Journal of sound and vibration},
  volume={231},
  number={3},
  pages={577--593},
  year={2000},
  publisher={Elsevier}
}
@article{williams1969hydrodynamic,
  title={Hydrodynamic noise},
  author={Williams, JE Ffowcs},
  journal={Annual Review of Fluid Mechanics},
  volume={1},
  number={1},
  pages={197--222},
  year={1969},
  publisher={Annual Reviews 4139 El Camino Way, PO Box 10139, Palo Alto, CA 94303-0139, USA}
}
@article{batten2004towards,
  title={Towards a generalized non-linear acoustics solver},
  author={Batten, Paul and Enrico, Ribaldone and Chakravarthy, Sukumar},
  journal={AIAA Paper},
  volume={3001},
  year={2004}
}
@article{batten2002reconstructed,
  title={Reconstructed sub-grid methods for acoustics predictions at all Reynolds numbers},
  author={Batten, Paul and Goldberg, Uriel and Chakravarthy, Sukumar},
  journal={AIAA Paper},
  volume={2511},
  year={2002}
}
@article{morris1997parallel,
  title={A parallel three-dimensional computational aeroacoustics method using nonlinear disturbance equations},
  author={Morris, Philip J and Long, Lyle N and Bangalore, Ashok and Wang, Qunzhen},
  journal={Journal of Computational Physics},
  volume={133},
  number={1},
  pages={56--74},
  year={1997},
  publisher={Elsevier}
}
@incollection{kaltenbacher2008computational,
  title={Computational aeroacoustics based on Lighthill's acoustic analogy},
  author={Kaltenbacher, Manfred and Escobar, Max and Becker, Stefan and Ali, Irfan},
  booktitle={Computational Acoustics of Noise Propagation in Fluids-Finite and Boundary Element Methods},
  pages={115--142},
  year={2008},
  publisher={Springer}
}
@book{rayleigh1896theory,
  title={The theory of sound},
  author={Rayleigh, John William Strutt Baron},
  volume={2},
  year={1896},
  publisher={Macmillan}
}
@book{sunxiaofeng1994aeroacoustics,
  title={Aeroacoustics},
  author={Sun, Xiaofeng and Zhou, Sheng},
  year={1994},
  publisher={China National Defense Industry Press}
}
@article{piomelli2002wall,
  title={Wall-layer models for large-eddy simulations},
  author={Piomelli, Ugo and Balaras, Elias},
  journal={Annual review of fluid mechanics},
  volume={34},
  number={1},
  pages={349--374},
  year={2002},
  publisher={Annual Reviews 4139 El Camino Way, PO Box 10139, Palo Alto, CA 94303-0139, USA}
}
@article{spalart2009detached,
  title={Detached-eddy simulation},
  author={Spalart, Philippe R},
  journal={Annual Review of Fluid Mechanics},
  volume={41},
  pages={181--202},
  year={2009},
  publisher={Annual Reviews}
}
@article{spalart2006new,
  title={A new version of detached-eddy simulation, resistant to ambiguous grid densities},
  author={Spalart, Philippe R and Deck, S and Shur, ML and Squires, KD and Strelets, M Kh and Travin, A},
  journal={Theoretical and computational fluid dynamics},
  volume={20},
  number={3},
  pages={181--195},
  year={2006},
  publisher={Springer}
}
@book{boussinesq1897theorie,
  title={Th{\'e}orie de l'{\'e}coulmnent tourbillonnant et tumultuex des liquides dans les lits rectilignes {\`a} grande section},
  author={Boussinesq, Joseph},
  volume={1},
  year={1897},
  publisher={Gauthier-Villars}
}
@article{farassat1977discontinuities,
  title={Discontinuities in aerodynamics and aeroacoustics: The concept and applications of generalized derivatives},
  author={Farassat, F},
  journal={Journal of Sound and Vibration},
  volume={55},
  number={2},
  pages={165--193},
  year={1977},
  publisher={Elsevier}
}
@book{sagaut2002large,
  title={Large eddy simulation for incompressible flows},
  author={Sagaut, Pierre},
  year={2002},
  publisher={Springer}
}
@article{hold1999numerical,
  title={Numerical simulation of aeroacoustic sound generated by generic bodies placed on a plate: Part I-Prediction of aeroacoustic sources},
  author={Hold, R and Brenneis, A and Eberle, A and Schwarz, V and Siegert, R},
  journal={AIAA paper},
  volume={20},
  pages={40--60},
  year={1999}
}
@article{siegert1999numerical,
  title={Numerical simulation of aeroacoustic sound generated by generic bodies placed on a plate: Part I-Prediction of Radiated Sound Pressure},
  author={Siegert, R and Schwarz, V and Reichenberger, J},
  journal={AIAA paper},
  volume={20},
  pages={62--72},
  year={1999}
}
@article{powell2005theory,
  title={Theory of vortex sound},
  author={Powell, Alan},
  journal={The journal of the acoustical society of America},
  volume={36},
  number={1},
  pages={177--195},
  year={2005},
  publisher={Acoustical Society of America}
}
@book{marks2009handbook,
  title={Handbook of Fourier analysis \& its applications},
  author={Marks, Robert J},
  volume={800},
  year={2009},
  publisher={Oxford University Press London}
}
@inproceedings{frigo1998fftw,
  title={FFTW: An adaptive software architecture for the FFT},
  author={Frigo, Matteo and Johnson, Steven G},
  booktitle={Acoustics, Speech and Signal Processing, 1998. Proceedings of the 1998 IEEE International Conference on},
  volume={3},
  pages={1381--1384},
  year={1998},
  organization={IEEE}
}
@phdthesis{yuhuahua2013noise,
  author= {Yu, Huahua},
  title= {On the mechanism of generation and control of aerodynamic noise for high-speed trains},
  school= {Institute of Mechanics, Chinese Academy of Sciences},
  year= {2013}
}
@article{xiao2008numerical,
  title={Numerical prediction of aerodynamic noise radiated from high speed train head surface [J]},
  author={Xiao, You-gang and Kang, Zhi-cheng},
  journal={Journal of Central South University: Science and Technology},
  volume={36},
  number={6},
  pages={67--72},
  year={2008}
}
@article{menter1994two,
  title={Two-equation eddy-viscosity turbulence models for engineering applications},
  author={Menter, Florian R},
  journal={AIAA journal},
  volume={32},
  number={8},
  pages={1598--1605},
  year={1994}
}
@article{seo2007aerodynamic,
  title={Aerodynamic noise prediction for long-span bodies},
  author={Seo, Jung H and Moon, Young J},
  journal={Journal of Sound and Vibration},
  volume={306},
  number={3},
  pages={564--579},
  year={2007},
  publisher={Elsevier}
}
@article{welch1967use,
  title={The use of fast Fourier transform for the estimation of power spectra: a method based on time averaging over short, modified periodograms},
  author={Welch, Peter D},
  journal={IEEE Transactions on audio and electroacoustics},
  volume={15},
  number={2},
  pages={70--73},
  year={1967}
}
@article{lee2008approximate,
  title={Approximate optimization of high-speed train nose shape for reducing micropressure wave},
  author={Lee, Jongsoo and Kim, Junghui},
  journal={Structural and Multidisciplinary Optimization},
  volume={35},
  number={1},
  pages={79--87},
  year={2008},
  publisher={Springer}
}




















